@article{DBLP:journals/corr/VaswaniSPUJGKP17,
  author       = {Ashish Vaswani and
                  Noam Shazeer and
                  Niki Parmar and
                  Jakob Uszkoreit and
                  Llion Jones and
                  Aidan N. Gomez and
                  Lukasz Kaiser and
                  Illia Polosukhin},
  title        = {Attention Is All You Need},
  journal      = {CoRR},
  volume       = {abs/1706.03762},
  year         = {2017},
  url          = {http://arxiv.org/abs/1706.03762},
  eprinttype   = {arXiv},
  eprint       = {1706.03762},
  timestamp    = {Sat, 23 Jan 2021 01:20:40 +0100},
  biburl       = {https://dblp.org/rec/journals/corr/VaswaniSPUJGKP17.bib},
  bibsource    = {dblp computer science bibliography, https://dblp.org}
}

@article{jiang2024trisumlearningsummarizationability,
  author        = {Pengcheng Jiang and
                   Cao Xiao and
                   Zifeng Wang and
                   Parminder Bhatia and
                   Jimeng Sun and
                   Jiawei Han},
  title         = {TriSum: Learning Summarization Ability from Large Language Models with Structured Rationale},
  year          = {2024},
  eprint        = {2403.10351},
  archivePrefix = {arXiv},
  primaryClass  = {cs.CL},
  url           = {https://arxiv.org/abs/2403.10351}, 
}

@article{DBLP:journals/corr/abs-2106-09685,
  author       = {Edward J. Hu and
                  Yelong Shen and
                  Phillip Wallis and
                  Zeyuan Allen{-}Zhu and
                  Yuanzhi Li and
                  Shean Wang and
                  Weizhu Chen},
  title        = {LoRA: Low-Rank Adaptation of Large Language Models},
  journal      = {CoRR},
  volume       = {abs/2106.09685},
  year         = {2021},
  url          = {https://arxiv.org/abs/2106.09685},
  eprinttype   = {arXiv},
  eprint       = {2106.09685},
  timestamp    = {Tue, 29 Jun 2021 16:55:04 +0200},
  biburl       = {https://dblp.org/rec/journals/corr/abs-2106-09685.bib},
  bibsource    = {dblp computer science bibliography, https://dblp.org}
}
